<record><leader>00000cas a22000007a 4500</leader><controlfield tag="001">14867994</controlfield><controlfield tag="008">861124c19269999wiuwr ne      0    0eng d</controlfield><datafield ind1=" " ind2=" " tag="010"><subfield code="a">sn 86086803 </subfield></datafield><datafield ind1=" " ind2=" " tag="040"><subfield code="a">NPV</subfield><subfield code="b">eng</subfield><subfield code="c">NPV</subfield><subfield code="d">OCLCQ</subfield></datafield><datafield ind1=" " ind2=" " tag="042"><subfield code="a">msc</subfield></datafield><datafield ind1="0" ind2="4" tag="245"><subfield code="a">The Mellen weekly-record.</subfield></datafield><datafield ind1=" " ind2=" " tag="260"><subfield code="a">Mellen, Wis. :</subfield><subfield code="b">I.A. Kenyon,</subfield><subfield code="c">1926-</subfield></datafield><datafield ind1=" " ind2=" " tag="300"><subfield code="a">v.</subfield></datafield><datafield ind1=" " ind2=" " tag="310"><subfield code="a">Weekly</subfield></datafield><datafield ind1="0" ind2=" " tag="362"><subfield code="a">Vol. 25, no. 48 (Dec. 2, 1926)- = v. 2, no. 28-</subfield></datafield><datafield ind1=" " ind2=" " tag="500"><subfield code="a">Publisher varies.</subfield></datafield><datafield ind1=" " ind2=" " tag="752"><subfield code="a">United States</subfield><subfield code="b">Wisconsin</subfield><subfield code="c">Ashland</subfield><subfield code="d">Mellen.</subfield></datafield><datafield ind1="0" ind2="4" tag="780"><subfield code="t">Mellen weekly</subfield><subfield code="w">(DLC)sn 86086658</subfield><subfield code="w">(OCoLC)14163290</subfield></datafield><datafield ind1="0" ind2="4" tag="780"><subfield code="t">Mellen record</subfield><subfield code="w">(DLC)sn 86086659</subfield><subfield code="w">(OCoLC)14163288</subfield></datafield></record>